@article{multid_vis_corpus_rayson,
    author ="Paul E. Rayson",
    title ="Towards Interactive Multidimensional Visualisations for Corpus Linguistics",
    journal ="Journal for Language Technology and Computational Linguistics",
    volume ="31",
    number ="1",
    pages ="27--49",
    year ="2017",
    keywords ="visualition, nlp"
}

@article{hr_ip_conflict_coexistence_helfer,
    author ="Laurence R. Helfer",
    title ="Human Rights and Intellectual Property: Conflict or Coexistence?",
    journal ="Minnesota Intellectual Property Review",
    volume ="5",
    number ="1",
    pages ="47--62",
    year ="2003",
    keywords ="visualition, nlp"
}

@techreport{file_sharing_scoping_zizzo,
    author ="Stephen J. Watson, Daniel J. Zizzo and Piers Fleming",
    title ="Determinants and Welfare Implications of Unlawful File Sharing: A Scoping Review",
    institution ="CREATe",
    keywords ="ip, visualisation"
}
 
@book{mapping_ip_hr_helfer,
    title ="Mapping the Interface Between Human Rights and Intellectual Property",
    author="Laurence R. Helfer",
    isbn="978-0521711258",
    year="2011",
    publisher="Cambridge University Press",
    keywords ="ip, hr"
}

@book{handbook_ip_hr_geiger,
    title ="Research Handbook on Human Rights and Intellectual Property",
    author="Christophe Geiger",
    isbn="978-1786433411",
    year="2016",
    publisher="Edward Elgar Publishing",
    keywords ="ip, hr"
}

@book{ip_edu_bently,
    title ="Intellectual Property Law",
    author="Lionel Bently and Bred Sherman",
    edition="4",
    isbn="978-0199645558",
    year="2014",
    publisher="OUP Oxford",
    keywords ="ip"
}

@article{mickey_mouse_grzelak,
    author ="Victoria A. Grzelak",
    title ="{Mickey Mouse \& Sonny Bono Go To Court: The Copyright Term Extension Act and Its Effect On Current and Future Rights}",
    journal ="John Marshall Review of Intellectual Property Law",
    volume ="2",
    number ="1",
    pages ="95--115",
    year ="2002",
    keywords ="ip"
}
@misc{copyright_term_length_graph_bell,
	author ="Tom Bell",
	title ="{Trend of Maximum U.S. General Copyright Term}",
	howpublished ="tomwbell.com",
	year ="2008",
}

@misc{bileta_proposal_blakely,
	author ="Megan R. Blakely",
	title ="{BILETA 2019 Proposal}",
	howpublished ="Not published - available if upon request",
	year ="2019",
}